@Online{tcl::disassemble,
  author = 	 {Donal Fellows and Richard Suchenwirth and Andy Goth and Ashok P. Nadkarni},
  title = 	 {disassemble},
  date = 	 {2018-04-04},
  url = 	 {https://wiki.tcl-lang.org/page/disassemble},
  urldate =      {2019-07-12}
}

@Online{tcl::cmdtrace,
  author = 	 {Donal Fellows and Jeff Hobbs},
  title = 	 {cmdtrace},
  date = 	 {2015-08-15},
  url = 	 {https://wiki.tcl-lang.org/page/cmdtrace},
  urldate =      {2019-07-16}
}

@Online{callgrind,
  ALTauthor = 	 {Valgrind\texttrademark Developers},
  title = 	 {Callgrind: a call-graph generating cache and branch prediction profiler},
  year =         {2019},
  url = 	 {http://valgrind.org/docs/manual/cl-manual.html}
}

@Online{ghcprof,
  author = 	 {GHC Team},
  title = 	 {Glasgow Haskell Compiler User's Guide},
  subtitle =     {Profiling},
  year =         {2019},
  url = 	 {https://downloads.haskell.org/~ghc/latest/docs/html/users_guide/profiling.html}
}

@Online{tcl::sqlite3,
  author       = {David Hipp},
  organization = {Hipp, Wyrick \& Company, Inc. (Hwaci)},
  title = 	 {The Tcl interface to the SQLite library},
  date = 	 {2019-08-29},
  url = 	 {https://www.sqlite.org/tclsqlite.html},
}

@Online{tcl::85,
  author = 	 {Tcl Core Team},
  title = 	 {Tcl/Tk 8.5 Manual},
  date = 	 {2019-03-26},
  url = 	 {https://www.tcl-lang.org/man/tcl8.5/}
}

@Online{tcl::86,
  author = 	 {Tcl Core Team},
  title = 	 {Tcl/Tk 8.6 Manual},
  date = 	 {2018-11-15},
  url = 	 {https://www.tcl-lang.org/man/tcl8.6/}
}

@Online{tcl::Tclx,
  author = 	 {Donal Fellows and Torsten Berg and David S. Cargo and Larry Virden and Jos Decoster and Nathan Coulter and Keith Nash},
  title = 	 {TclX},
  date = 	 {2018-09-20},
  url = 	 {https://wiki.tcl-lang.org/page/tclx}
}

@Online{tcl::Thread,
  author = 	 {Jan Nijtmans and Nathan Coulter and Andy Goth and Matthias Hoffmann and Rob Maris and Jos Decoster},
  title = 	 {thread},
  date = 	 {2019-04-05},
  url = 	 {https://wiki.tcl-lang.org/page/thread}
}

@Online{tcl::cmdline,
  author = 	 {Mark Janssen and Andy Goth and Larry Virden and Donal Fellows and Harold Oehlmann and Lawrence Woodman and Ashok P. Nadkarni},
  title = 	 {cmdline},
  date = 	 {2019-07-08},
  url = 	 {https://core.tcl-lang.org/page/cmdline}
}

@Online{tcl::platform,
  author = 	 {Larry Virden and Julian M. Noble and Peter Caffin and Donal Fellows and Nathan Coulter and Andy Goth and William Duquette and Mike Griffiths and Steve Landers},
  title = 	 {platform},
  date = 	 {2016-04-06},
  url = 	 {https://wiki.tcl-lang.org/page/platform}
}

@Online{tcl::tcltest,
  author = 	 {Larry Virden and Donald Porter and Donal Fellows and Nathan Coulter and Aldo Buratti and Ashok P. Nadkarni and Robert Hicks},
  title = 	 {tcltest},
  date = 	 {},
  url = 	 {https://wiki.tcl-lang.org/page/tcltest}
}

@Online{DNA,
  author = 	 {Gopal Pandurangan},
  title = 	 {Distributed Network Algorithms},
  date = 	 {2019-02-20},
  url = 	 {https://sites.google.com/site/gopalpandurangan/dnabook.pdf}
}

@Online{univhash,
  author = 	 {Anonymous},
  title = 	 {Universal hashing},
  subtitle =     {Hashing strings},
  date = 	 {2019-09-25},
  url = 	 {https://en.wikipedia.org/wiki/Universal_hashing#Hashing_strings},
  organization = {Wikimedia Foundation, Inc.}
}

@Online{HCS,
  author = 	 {Anonymous},
  title = 	 {HCS clustering algorithm},
  date = 	 {2019-07-25},
  url = 	 {https://en.wikipedia.org/wiki/Universal_hashing#Hashing_strings}
}

@Online{ghscoco,
  author = 	 {Michael Yantosca},
  title = 	 {Gallagher-Humblet-Spira Connected Components with MPI},
  date = 	 {2019-05-08},
  url = 	 {https://github.com/myantosca/ghs-coco},
}

@Online{openmpi,
  title = 	 {Open MPI: Open Source High Performance Computing},
  date = 	 {2019-08-7},
  url = 	 {https://www.open-mpi.org/},
  organization = {The Open MPI Project}
}

@Online{mpi,
  title = 	 {MPI Forum},
  date = 	 {2019-10-10},
  url = 	 {https://www.mpi-forum.org/},
  organization = {MPI Forum}
}
